@misc{sync,
 title = {Package Sync},
 year = {2011},
author={The Go Authors},
 howpublished = "\url{http://golang.org/pkg/sync/}",
} 

@misc{effectivego,
title = {Effective Go},
year = {2011}, 
author={The Go Authors},
howpublished = "\url{http://golang.org/doc/effective_go.html}",
}

@misc{gofaq,
title = {Go FAQ},
year = {2011}, 
author={The Go Authors},
howpublished = "\url{http://golang.org/doc/go_faq.html#ancestors}",
}

@misc{golangspec,
title = {The Go Programming Language Specification},
year={2011},
author={The Go Authors},
howpublished="\url{http://golang.org/doc/go_spec.html}",
}

@misc{gomemmodel,
title={The Go Memory Model},
year={2011},
author={The Go Authors},
howpublished="\url{http://golang.org/doc/go_mem.html}"
}

@misc{heroku,
title={Go at Heroku},
author={Keith Rarick, Blake Mizerany},
year={2011},
howpublished="\url{http://blog.golang.org/2011/04/go-at-heroku.html}",
}

@misc{goblog,
title={Share Memory By Communicating},
author={Andrew Gerrand},
year={2010},
howpublished="\url{http://blog.golang.org/2010/07/share-memory-by-communicating.html}",
}